%% This BibTeX bibliography file was created using BibDesk.
%% http://bibdesk.sourceforge.net/


%% Created for Marcel Weiher at 2011-06-06 09:16:31 +0200 


%% Saved with string encoding Unicode (UTF-8) 



@inproceedings{UngarS87,
	Author = {David Ungar and Randall B. Smith},
	Bibsource = {DBLP, http://dblp.uni-trier.de},
	Booktitle = {OOPSLA},
	Date-Added = {2011-06-06 09:16:22 +0200},
	Date-Modified = {2011-06-06 09:16:31 +0200},
	Pages = {227-242},
	Title = {Self: The Power of Simplicity},
	Year = {1987}}

@book{Gammie:2009:PVR:1520284.1520292,
	Acmid = {1520292},
	Address = {New York, NY, USA},
	Author = {Gammie, Peter},
	Date-Added = {2011-06-06 09:11:41 +0200},
	Date-Modified = {2011-06-06 09:12:09 +0200},
	Doi = {10.1017/S0956796808007028},
	Issn = {0956-7968},
	Issue = {2},
	Journal = {J. Funct. Program.},
	Month = {March},
	Numpages = {3},
	Pages = {254--256},
	Publisher = {Cambridge University Press},
	Title = {Peter Van Roy and Seif Haridi. Concepts, Techniques, and Models of Computer Programming. The MIT Press, 2004. ISBN: 0262220695},
	Url = {http://portal.acm.org/citation.cfm?id=1520284.1520292},
	Volume = {19},
	Year = {2009},
	Bdsk-Url-1 = {http://dx.doi.org/10.1017/S0956796808007028}}

@article{Brooks87nosilver,
	Author = {Frederick P. Brooks},
	Date-Added = {2011-06-04 18:00:57 +0200},
	Date-Modified = {2011-06-04 18:00:57 +0200},
	Journal = {IEEE Computer},
	Pages = {10--19},
	Title = {No Silver Bullet: Essence and Accidents of Software Engineering},
	Volume = {20},
	Year = {1987}}

@book{Goldberg1983,
	Added-At = {2009-08-29T18:11:31.000+0200},
	Author = {Adele Goldberg and Dave Robson},
	Biburl = {http://www.bibsonomy.org/bibtex/2191267393305f67c9c170aa70e09fb6a/n770},
	Date-Added = {2011-06-04 17:16:06 +0200},
	Date-Modified = {2011-06-04 17:16:06 +0200},
	Interhash = {0832b3253eb13ebb44adb047cba2ed68},
	Intrahash = {191267393305f67c9c170aa70e09fb6a},
	Keywords = {imported},
	Note = {\url{http://users.ipa.net/~dwighth/smalltalk/ bluebook/bluebook_imp_toc.html} -- gepr{\"u}ft: 16.~Dezember~2002},
	Publisher = {Addison Wesley},
	Timestamp = {2009-08-29T18:11:31.000+0200},
	Title = {{Smalltalk-80: The Language and Its Implementation}},
	Year = 1983}

@inproceedings{Lammel:2007:SYB:1190216.1190240,
	Acmid = {1190240},
	Address = {New York, NY, USA},
	Author = {L\"{a}mmel, Ralf},
	Booktitle = {Proceedings of the 34th annual ACM SIGPLAN-SIGACT symposium on Principles of programming languages},
	Date-Added = {2011-05-31 13:33:38 +0200},
	Date-Modified = {2011-05-31 13:33:38 +0200},
	Doi = {http://doi.acm.org/10.1145/1190216.1190240},
	Isbn = {1-59593-575-4},
	Keywords = {XML programming, generic functional programming},
	Location = {Nice, France},
	Numpages = {6},
	Pages = {137--142},
	Publisher = {ACM},
	Series = {POPL '07},
	Title = {Scrap your boilerplate with XPath-like combinators},
	Url = {http://doi.acm.org/10.1145/1190216.1190240},
	Year = {2007},
	Bdsk-Url-1 = {http://doi.acm.org/10.1145/1190216.1190240}}

@article{Lammel:2003:SYB:640136.604179,
	Acmid = {604179},
	Address = {New York, NY, USA},
	Author = {L\"{a}mmel, Ralf and Jones, Simon Peyton},
	Date-Added = {2011-05-31 13:10:53 +0200},
	Date-Modified = {2011-05-31 13:10:53 +0200},
	Doi = {http://doi.acm.org/10.1145/640136.604179},
	Issn = {0362-1340},
	Issue = {3},
	Journal = {SIGPLAN Not.},
	Keywords = {generic programming, rank-2 types, traversal, type cast},
	Month = {January},
	Numpages = {12},
	Pages = {26--37},
	Publisher = {ACM},
	Title = {Scrap your boilerplate: a practical design pattern for generic programming},
	Url = {http://doi.acm.org/10.1145/640136.604179},
	Volume = {38},
	Year = {2003},
	Bdsk-Url-1 = {http://doi.acm.org/10.1145/640136.604179}}

@book{IconRef,
	Author = {Ralphe E. Griswold and Madge T. Griswold},
	Date-Added = {2011-05-31 12:57:56 +0200},
	Date-Modified = {2011-05-31 13:02:02 +0200},
	Title = {The Icon Programming Language},
	Year = {1996}}

@article{Borning:1981:PLA:357146.357147,
	Acmid = {357147},
	Address = {New York, NY, USA},
	Author = {Borning, Alan},
	Date-Added = {2011-05-31 12:54:11 +0200},
	Date-Modified = {2011-05-31 12:54:11 +0200},
	Doi = {http://doi.acm.org/10.1145/357146.357147},
	Issn = {0164-0925},
	Issue = {4},
	Journal = {ACM Trans. Program. Lang. Syst.},
	Month = {October},
	Numpages = {35},
	Pages = {353--387},
	Publisher = {ACM},
	Title = {The Programming Language Aspects of ThingLab, a Constraint-Oriented Simulation Laboratory},
	Url = {http://doi.acm.org/10.1145/357146.357147},
	Volume = {3},
	Year = {1981},
	Bdsk-Url-1 = {http://doi.acm.org/10.1145/357146.357147}}
